<collection xmlns="http://www.loc.gov/MARC21/slim">
<record>
  <leader>01766nam0a22003491i 450 </leader>
  <controlfield tag="001">IT\ICCU\CNCE\022583</controlfield>
  <controlfield tag="005">20120517000000.0</controlfield>
  <datafield tag="012" ind1=" " ind2=" ">
    <subfield code="a">r-ne .7.6 io,&amp; segh (C) 1565 (A)</subfield>
    <subfield code="2">fei</subfield>
  </datafield>
  <datafield tag="100" ind1=" " ind2=" ">
    <subfield code="a">19970101d1565        0itac0103    ba</subfield>
  </datafield>
  <datafield tag="101" ind1=" " ind2=" ">
    <subfield code="a">ITA</subfield>
  </datafield>
  <datafield tag="102" ind1=" " ind2=" ">
    <subfield code="a">IT</subfield>
  </datafield>
  <datafield tag="200" ind1="1" ind2=" ">
    <subfield code="a">Herbolario volgare, nel quale le vertu delle herbe, &amp; molti altri simplici se dechiarano con alcune belle aggionte nouamente de latino in volgare tradutto</subfield>
  </datafield>
  <datafield tag="210" ind1=" " ind2=" ">
    <subfield code="d">In Vineggia</subfield>
    <subfield code="e">Stapato \!! nell&apos;inclita citta di Venetia</subfield>
    <subfield code="g">per Francesco de Leno</subfield>
    <subfield code="h">1565</subfield>
  </datafield>
  <datafield tag="215" ind1=" " ind2=" ">
    <subfield code="a">\184! c.</subfield>
    <subfield code="c">ill.</subfield>
    <subfield code="d">4ʻ</subfield>
  </datafield>
  <datafield tag="500" ind1="1" ind2="1">
    <subfield code="3">IT\ICCU\CNCE\022577</subfield>
    <subfield code="a">Herbarius</subfield>
  </datafield>
  <datafield tag="620" ind1=" " ind2=" ">
    <subfield code="a">IT</subfield>
    <subfield code="d">Venezia</subfield>
  </datafield>
  <datafield tag="702" ind1=" " ind2="0">
    <subfield code="a">Arnaldus</subfield>
    <subfield code="c"> : de#Villanova</subfield>
    <subfield code="3">IT\ICCU\CNCA\000885</subfield>
  </datafield>
  <datafield tag="712" ind1="0" ind2="0">
    <subfield code="a">Di_Leno, Francesco</subfield>
    <subfield code="3">IT\ICCU\CNCT\002847</subfield>
    <subfield code="4">650</subfield>
  </datafield>
  <datafield tag="790" ind1=" " ind2="0">
    <subfield code="a">Arnaldo</subfield>
    <subfield code="c"> : de#Vilanova</subfield>
    <subfield code="3">IT\ICCU\CNCA\012263</subfield>
    <subfield code="z">Arnaldus : de#Villanova</subfield>
  </datafield>
  <datafield tag="790" ind1=" " ind2="0">
    <subfield code="a">Arnoldus</subfield>
    <subfield code="c"> : Novicomensis</subfield>
    <subfield code="3">IT\ICCU\CNCA\012265</subfield>
    <subfield code="z">Arnaldus : de#Villanova</subfield>
  </datafield>
  <datafield tag="790" ind1=" " ind2="1">
    <subfield code="a">Soler Pla,</subfield>
    <subfield code="b">Juan</subfield>
    <subfield code="3">IT\ICCU\CNCA\012266</subfield>
    <subfield code="z">Arnaldus : de#Villanova</subfield>
  </datafield>
  <datafield tag="790" ind1=" " ind2="1">
    <subfield code="a">Vilanova,</subfield>
    <subfield code="b">Arnau : de</subfield>
    <subfield code="3">IT\ICCU\CNCA\012267</subfield>
    <subfield code="z">Arnaldus : de#Villanova</subfield>
  </datafield>
  <datafield tag="791" ind1="0" ind2="2">
    <subfield code="a">Francesco di Leno</subfield>
    <subfield code="3">IT\ICCU\CNCT\000241</subfield>
    <subfield code="z">Di_Leno, Francesco</subfield>
  </datafield>
  <datafield tag="791" ind1="0" ind2="0">
    <subfield code="a">Leno, Francesco de</subfield>
    <subfield code="3">IT\ICCU\CNCT\002848</subfield>
    <subfield code="z">Di_Leno, Francesco</subfield>
  </datafield>
  <datafield tag="791" ind1="0" ind2="0">
    <subfield code="a">Leniis, Franciscus de</subfield>
    <subfield code="3">IT\ICCU\CNCT\004698</subfield>
    <subfield code="z">Di_Leno, Francesco</subfield>
  </datafield>
  <datafield tag="791" ind1="0" ind2="0">
    <subfield code="a">Lenus, Franciscus</subfield>
    <subfield code="3">IT\ICCU\CNCT\004699</subfield>
    <subfield code="z">Di_Leno, Francesco</subfield>
  </datafield>
  <datafield tag="791" ind1="0" ind2="0">
    <subfield code="a">Aleni, Francesco</subfield>
    <subfield code="3">IT\ICCU\CNCT\006388</subfield>
    <subfield code="z">Di_Leno, Francesco</subfield>
  </datafield>
  <datafield tag="801" ind1=" " ind2="3">
    <subfield code="a">IT</subfield>
    <subfield code="b">ICCU</subfield>
    <subfield code="c">20201114</subfield>
  </datafield>
  <datafield tag="899" ind1=" " ind2=" ">
    <subfield code="a">Biblioteca comunale dell&apos;Archiginnasio. Bologna</subfield>
    <subfield code="1">BO0304</subfield>
    <subfield code="2">UBO GA</subfield>
  </datafield>
  <datafield tag="899" ind1=" " ind2=" ">
    <subfield code="a">Biblioteca Marucelliana. Firenze</subfield>
    <subfield code="1">FI0101</subfield>
    <subfield code="2">CFI MF</subfield>
  </datafield>
  <datafield tag="899" ind1=" " ind2=" ">
    <subfield code="a">Biblioteca comunale. Urbania</subfield>
    <subfield code="1">PU0095</subfield>
    <subfield code="2">URB UR</subfield>
  </datafield>
  <datafield tag="899" ind1=" " ind2=" ">
    <subfield code="a">Biblioteca comunale Classense. Ravenna</subfield>
    <subfield code="1">RA0036</subfield>
    <subfield code="2">RAV CL</subfield>
  </datafield>
</record>
</collection>
